<marcxml:record xmlns:marcxml="http://www.loc.gov/MARC21/slim" xmlns:mets="http://www.loc.gov/METS/" xmlns:bf="http://id.loc.gov/ontologies/bibframe/" xmlns:bflc="http://id.loc.gov/ontologies/bflc/" xmlns:madsrdf="http://www.loc.gov/mads/rdf/v1#" xmlns:rdf="http://www.w3.org/1999/02/22-rdf-syntax-ns#" xmlns:ri="http://id.loc.gov/ontologies/RecordInfo#" xmlns:idx="info:lc/xq-modules/lcindex" xmlns:semtriples="http://marklogic.com/semantic" xmlns:xsi="http://www.w3.org/2001/XMLSchema-instance" xmlns:xlink="http://www.w3.org/1999/xlink" xmlns:streams="info:lc/streams#">
  <marcxml:leader>02320cam a22003737a 4500</marcxml:leader>
  <marcxml:controlfield tag="001">14414491</marcxml:controlfield>
  <marcxml:controlfield tag="005">20150227092332.0</marcxml:controlfield>
  <marcxml:controlfield tag="008">060615s2006    gw a          001 0deng c</marcxml:controlfield>
  <marcxml:datafield tag="906" ind1=" " ind2=" ">
    <marcxml:subfield code="a">7</marcxml:subfield>
    <marcxml:subfield code="b">cbc</marcxml:subfield>
    <marcxml:subfield code="c">pccadap</marcxml:subfield>
    <marcxml:subfield code="d">2</marcxml:subfield>
    <marcxml:subfield code="e">ncip</marcxml:subfield>
    <marcxml:subfield code="f">20</marcxml:subfield>
    <marcxml:subfield code="g">y-gencatlg</marcxml:subfield>
  </marcxml:datafield>
  <marcxml:datafield tag="925" ind1="0" ind2=" ">
    <marcxml:subfield code="a">acquire</marcxml:subfield>
    <marcxml:subfield code="b">1 shelf copy</marcxml:subfield>
    <marcxml:subfield code="x">policy default</marcxml:subfield>
  </marcxml:datafield>
  <marcxml:datafield tag="925" ind1="1" ind2=" ">
    <marcxml:subfield code="a">acquire</marcxml:subfield>
    <marcxml:subfield code="b">2 shelf copies</marcxml:subfield>
    <marcxml:subfield code="x">policy default</marcxml:subfield>
  </marcxml:datafield>
  <marcxml:datafield tag="955" ind1=" " ind2=" ">
    <marcxml:subfield code="a">pc22 2006-06-15;</marcxml:subfield>
    <marcxml:subfield code="a">pc22 2006-06-15;</marcxml:subfield>
    <marcxml:subfield code="a">jh00 2008-04-18;</marcxml:subfield>
    <marcxml:subfield code="a">jh32 2008-04-30 z-processor;</marcxml:subfield>
    <marcxml:subfield code="e">jh32 2008-04-30/jh12 to BCCD</marcxml:subfield>
    <marcxml:subfield code="i">jh32 2008-04-30/jh12;</marcxml:subfield>
  </marcxml:datafield>
  <marcxml:datafield tag="010" ind1=" " ind2=" ">
    <marcxml:subfield code="a">  2006929231</marcxml:subfield>
  </marcxml:datafield>
  <marcxml:datafield tag="015" ind1=" " ind2=" ">
    <marcxml:subfield code="2">bnb</marcxml:subfield>
    <marcxml:subfield code="a">GBA667153</marcxml:subfield>
  </marcxml:datafield>
  <marcxml:datafield tag="016" ind1="7" ind2=" ">
    <marcxml:subfield code="a">013523009</marcxml:subfield>
    <marcxml:subfield code="2">Uk</marcxml:subfield>
  </marcxml:datafield>
  <marcxml:datafield tag="020" ind1=" " ind2=" ">
    <marcxml:subfield code="a">3791337165 (pbk. : alk. paper)</marcxml:subfield>
  </marcxml:datafield>
  <marcxml:datafield tag="020" ind1=" " ind2=" ">
    <marcxml:subfield code="a">9783791337166 (pbk.)</marcxml:subfield>
  </marcxml:datafield>
  <marcxml:datafield tag="020" ind1=" " ind2=" ">
    <marcxml:subfield code="a">3791337157 (German ed.)</marcxml:subfield>
  </marcxml:datafield>
  <marcxml:datafield tag="020" ind1=" " ind2=" ">
    <marcxml:subfield code="a">9783791337159 (German ed.)</marcxml:subfield>
  </marcxml:datafield>
  <marcxml:datafield tag="035" ind1=" " ind2=" ">
    <marcxml:subfield code="a">(OCoLC)ocm70845209</marcxml:subfield>
  </marcxml:datafield>
  <marcxml:datafield tag="040" ind1=" " ind2=" ">
    <marcxml:subfield code="a">UKM</marcxml:subfield>
    <marcxml:subfield code="c">UKM</marcxml:subfield>
    <marcxml:subfield code="d">BAKER</marcxml:subfield>
    <marcxml:subfield code="d">SUC</marcxml:subfield>
    <marcxml:subfield code="d">YDXCP</marcxml:subfield>
    <marcxml:subfield code="d">OCLCQ</marcxml:subfield>
    <marcxml:subfield code="d">OHX</marcxml:subfield>
    <marcxml:subfield code="d">IXA</marcxml:subfield>
    <marcxml:subfield code="d">SMI</marcxml:subfield>
    <marcxml:subfield code="d">COO</marcxml:subfield>
    <marcxml:subfield code="d">DLC</marcxml:subfield>
  </marcxml:datafield>
  <marcxml:datafield tag="041" ind1="1" ind2=" ">
    <marcxml:subfield code="a">eng</marcxml:subfield>
    <marcxml:subfield code="h">ger</marcxml:subfield>
  </marcxml:datafield>
  <marcxml:datafield tag="050" ind1="0" ind2="0">
    <marcxml:subfield code="a">N40</marcxml:subfield>
    <marcxml:subfield code="b">.K6713 2006</marcxml:subfield>
  </marcxml:datafield>
  <marcxml:datafield tag="100" ind1="1" ind2=" ">
    <marcxml:subfield code="a">Köster, Thomas.</marcxml:subfield>
  </marcxml:datafield>
  <marcxml:datafield tag="240" ind1="1" ind2="0">
    <marcxml:subfield code="a">50 Künstler, die man kennen sollte.</marcxml:subfield>
    <marcxml:subfield code="l">English</marcxml:subfield>
  </marcxml:datafield>
  <marcxml:datafield tag="245" ind1="1" ind2="0">
    <marcxml:subfield code="a">50 artists you should know /</marcxml:subfield>
    <marcxml:subfield code="c">Thomas Köster ; with contributions by Lars Röper.</marcxml:subfield>
  </marcxml:datafield>
  <marcxml:datafield tag="246" ind1="3" ind2=" ">
    <marcxml:subfield code="a">Fifty artists you should know</marcxml:subfield>
  </marcxml:datafield>
  <marcxml:datafield tag="260" ind1=" " ind2=" ">
    <marcxml:subfield code="a">Munich ;</marcxml:subfield>
    <marcxml:subfield code="a">New York :</marcxml:subfield>
    <marcxml:subfield code="b">Prestel,</marcxml:subfield>
    <marcxml:subfield code="c">c2006.</marcxml:subfield>
  </marcxml:datafield>
  <marcxml:datafield tag="300" ind1=" " ind2=" ">
    <marcxml:subfield code="a">171 p. :</marcxml:subfield>
    <marcxml:subfield code="b">ill. (some col.) ;</marcxml:subfield>
    <marcxml:subfield code="c">25 cm.</marcxml:subfield>
  </marcxml:datafield>
  <marcxml:datafield tag="546" ind1=" " ind2=" ">
    <marcxml:subfield code="a">Translated from the German by Michael Robinson.</marcxml:subfield>
  </marcxml:datafield>
  <marcxml:datafield tag="505" ind1="0" ind2=" ">
    <marcxml:subfield code="a">Giotto di Bondone -- Jan van Eyck -- Sandro Botticelli -- Hieronymous Bosch -- Leonardo da Vinci -- Albrecht Dürer -- Lucas Cranach the Elder -- Michelangelo -- Titian -- Raphael -- Hans Holbein the Younger -- Pieter Bruegel the Elder -- Caravaggio -- Peter Paul Rubens -- Diego Velázquez -- Rembrandt -- Jan Vermeer -- Jean-Antoine Watteau -- William Hogarth -- Thomas Gainsborough -- Francisco de Goya -- Jacques-Louis David -- Caspar David Friedrich -- William Turner -- Gustave Courbet -- Dante Gabriel Rossetti -- Édouard Manet -- Paul Cézanne -- Claude Monet -- Vincent van Gogh -- Georges Seurat -- Gustav Klimt -- Wassily Kandinsky -- Henri Matisse -- Paul Klee -- Pablo Picasso -- Edward Hopper -- Max Beckmann -- Marc Chagall -- Marcel Duchamp -- Max Ernst -- Joan Miró -- Alexander Calder -- Henry Moore -- Salvador Dalí -- Frida Kahlo -- Jackson Pollock -- Joseph Beuys -- Andy Warhol -- David Hockney.</marcxml:subfield>
  </marcxml:datafield>
  <marcxml:datafield tag="650" ind1=" " ind2="0">
    <marcxml:subfield code="a">Artists</marcxml:subfield>
    <marcxml:subfield code="v">Biography.</marcxml:subfield>
  </marcxml:datafield>
  <marcxml:datafield tag="650" ind1=" " ind2="0">
    <marcxml:subfield code="a">Art.</marcxml:subfield>
  </marcxml:datafield>
  <marcxml:datafield tag="700" ind1="1" ind2=" ">
    <marcxml:subfield code="a">Röper, Lars.</marcxml:subfield>
  </marcxml:datafield>
</marcxml:record>
